<?xml version="1.0" encoding="UTF-8"?><collection xmlns="http://www.loc.gov/MARC21/slim"><record><leader>00499nam--2200157-i-4500</leader><controlfield tag="001">000023039</controlfield><controlfield tag="002">20161230</controlfield><controlfield tag="005">20161230201034</controlfield><controlfield tag="008">060222s1000------------r-----000-0-eng-d</controlfield><datafield ind1=" " ind2=" " tag="080"><subfield code="a">517</subfield></datafield><datafield ind1=" " ind2=" " tag="100"><subfield code="a">Greville, T.N.E</subfield></datafield><datafield ind1=" " ind2=" " tag="245"><subfield code="a">Theory and applications of spline functions</subfield></datafield><datafield ind1=" " ind2=" " tag="260"><subfield code="a">New York,Academic Press, 1969. Xi + 212p</subfield></datafield><datafield ind1=" " ind2=" " tag="490"><subfield code="a">Publication No.22 Of The Mathematics Research Center United States Army The University Of Wisconsin</subfield></datafield><datafield ind1=" " ind2=" " tag="852"><subfield code="a">34258</subfield><subfield code="c">517</subfield></datafield><datafield ind1=" " ind2=" " tag="CAT"><subfield code="a">Sys</subfield><subfield code="c">20080619</subfield><subfield code="h">101316</subfield></datafield></record></collection>